<record xmlns="http://www.loc.gov/MARC21/slim" xmlns:xsi="http://www.w3.org/2001/XMLSchema-instance" xsi:schemaLocation="http://www.loc.gov/MARC21/slim http://www.loc.gov/standards/marcxml/schema/MARC21slim.xsd">

  <leader>00573nam a2200181   4500</leader>
  <datafield tag="999" ind1=" " ind2=" ">
    <subfield code="c">3516</subfield>
    <subfield code="d">3516</subfield>
  </datafield>
  <controlfield tag="008">180620b2011    sp ||||| |||| 00| | spa d</controlfield>
  <datafield ind2=" " ind1=" " tag="020">
    <subfield code="a">9788478841950</subfield>
  </datafield>
  <datafield ind2=" " ind1=" " tag="090">
    <subfield code="a">04.02.01</subfield>
    <subfield code="b">2477</subfield>
  </datafield>
  <datafield ind1=" " tag="100" ind2=" ">
    <subfield code="9">3799</subfield>
    <subfield code="a">Jares, Xesús R.</subfield>
  </datafield>
  <datafield ind2="0" tag="245" ind1="1">
    <subfield code="a">Educación y derechos humanos : Estrategias didácticas y organizativas /</subfield>
    <subfield code="c">Xesús R. Jares</subfield>
  </datafield>
  <datafield ind2=" " ind1=" " tag="250">
    <subfield code="a">Tercera edición</subfield>
  </datafield>
  <datafield tag="260" ind1=" " ind2=" ">
    <subfield code="a">Madrid :</subfield>
    <subfield code="b">Editorial Popular,</subfield>
    <subfield code="c">2011</subfield>
  </datafield>
  <datafield ind1=" " tag="300" ind2=" ">
    <subfield code="a">249 páginas</subfield>
  </datafield>
  <datafield ind2="4" ind1="1" tag="650">
    <subfield code="9">588</subfield>
    <subfield code="a">DERECHOS HUMANOS</subfield>
  </datafield>
  <datafield ind1="1" tag="650" ind2="0">
    <subfield code="a">EDUCACIÓN EN VALORES</subfield>
    <subfield code="9">719</subfield>
  </datafield>
  <datafield ind2="4" tag="650" ind1="1">
    <subfield code="9">812</subfield>
    <subfield code="a">ESTRATEGIAS EDUCATIVAS</subfield>
  </datafield>
  <datafield ind2=" " tag="942" ind1=" ">
    <subfield code="2">z</subfield>
    <subfield code="c">01</subfield>
  </datafield>
</record>